<record><leader>00000cas a22000007a 4500</leader><controlfield tag="001">26631583</controlfield><controlfield tag="008">920919d19741983nyuwr ne      0    0eng d</controlfield><datafield ind1=" " ind2=" " tag="010"><subfield code="a">sn 92060514 </subfield></datafield><datafield ind1=" " ind2=" " tag="040"><subfield code="a">YOX</subfield><subfield code="b">eng</subfield><subfield code="c">YOX</subfield><subfield code="d">OCL</subfield><subfield code="d">OCLCQ</subfield><subfield code="d">OCLCF</subfield><subfield code="d">OCLCO</subfield></datafield><datafield ind1="1" ind2=" " tag="029"><subfield code="a">AU@</subfield><subfield code="b">000025904155</subfield></datafield><datafield ind1=" " ind2=" " tag="042"><subfield code="a">msc</subfield></datafield><datafield ind1=" " ind2=" " tag="043"><subfield code="a">n-us-ny</subfield></datafield><datafield ind1="0" ind2="4" tag="245"><subfield code="a">The Jewish post of New York.</subfield></datafield><datafield ind1=" " ind2=" " tag="260"><subfield code="a">New York, N.Y. :</subfield><subfield code="b">Gabriel Cohen</subfield></datafield><datafield ind1=" " ind2=" " tag="300"><subfield code="a">v.</subfield></datafield><datafield ind1=" " ind2=" " tag="310"><subfield code="a">Weekly</subfield></datafield><datafield ind1="0" ind2=" " tag="362"><subfield code="a">Vol. 41, no. 25 (Mar. 15, 1974)-</subfield></datafield><datafield ind1="1" ind2=" " tag="362"><subfield code="a">Ceased in Feb. 1983.</subfield></datafield><datafield ind1=" " ind2=" " tag="515"><subfield code="a">Volume numbering irregular.</subfield></datafield><datafield ind1=" " ind2="0" tag="650"><subfield code="a">Jewish newspapers</subfield><subfield code="z">New York (State)</subfield><subfield code="z">New York.</subfield></datafield><datafield ind1=" " ind2="7" tag="650"><subfield code="a">Jewish newspapers.</subfield><subfield code="2">fast</subfield><subfield code="0">(OCoLC)fst00982872</subfield></datafield><datafield ind1=" " ind2="7" tag="651"><subfield code="a">New York (State)</subfield><subfield code="z">New York.</subfield><subfield code="2">fast</subfield><subfield code="0">(OCoLC)fst01204333</subfield></datafield><datafield ind1=" " ind2=" " tag="752"><subfield code="a">United States</subfield><subfield code="b">New York</subfield><subfield code="c">New York</subfield><subfield code="d">New York.</subfield></datafield><datafield ind1="0" ind2="0" tag="780"><subfield code="t">Jewish post and opinion (New York, N.Y.)</subfield><subfield code="w">(DLC)sn 92060572</subfield></datafield><datafield ind1="0" ind2="0" tag="785"><subfield code="t">Jewish post &amp; renaissance of New York</subfield><subfield code="w">(DLC)sn 83009455</subfield></datafield></record>